
 @article{stoica2003chord,
  title={Chord: a scalable peer-to-peer lookup protocol for internet applications},
  author={Stoica, Ion and Morris, Robert and Liben-Nowell, David and Karger, David R and Kaashoek, M Frans and Dabek, Frank and Balakrishnan, Hari},
  journal={IEEE/ACM Transactions on Networking (TON)},
  volume={11},
  number={1},
  pages={17--32},
  year={2003},
  publisher={IEEE Press},
  url={https://doi.org/10.1109/TNET.2002.808407},
  doi={10.1109/TNET.2002.808407}
 }

@inproceedings{calder2011windows,
	title={Windows Azure Storage: a highly available cloud storage service with strong consistency},
	author={Calder, Brad and Wang, Ju and Ogus, Aaron and Nilakantan, Niranjan and Skjolsvold, Arild and McKelvie, Sam and Xu, Yikang and Srivastav, Shashwat and Wu, Jiesheng and Simitci, Huseyin and others},
	booktitle={Proceedings of the Twenty-Third ACM Symposium on Operating Systems Principles},
	pages={143--157},
	year={2011},
	organization={ACM}
}

@inproceedings{decandia2007dynamo,
	title={Dynamo: amazon's highly available key-value store},
	author={DeCandia, Giuseppe and Hastorun, Deniz and Jampani, Madan and Kakulapati, Gunavardhan and Lakshman, Avinash and Pilchin, Alex and Sivasubramanian, Swaminathan and Vosshall, Peter and Vogels, Werner},
	booktitle={ACM SIGOPS operating systems review},
	volume={41},
	number={6},
	pages={205--220},
	year={2007},
	organization={ACM}
}

@article{lakshman2010cassandra,
	title={Cassandra: a decentralized structured storage system},
	author={Lakshman, Avinash and Malik, Prashant},
	journal={ACM SIGOPS Operating Systems Review},
	volume={44},
	number={2},
	pages={35--40},
	year={2010},
	publisher={ACM}
}
